@online{kontejnerizace-docker,
	author = {Docker Inc.},
	title = {Docker Engine},
	url = {https://docs.docker.com/engine/},
	year = {2025},
	urldate = {2025-02-09}
}

@online{kontejnerizace-docker-compose,
	author = {Docker Inc.},
	title = {Docker Compose},
	url = {https://docs.docker.com/compose/},
	year = {2025},
	urldate = {2025-02-09}
}


@online{medium-person-reidentification,
	author = {Nevin Baiju},
	title = {Navigating the Maze: Person Re-Identification Across Multiple Cameras with Deep Metric Learning},
	url = {https://medium.com/@nevinbaiju_77488/navigating-the-maze-person-re-identification-across-multiple-cameras-with-deep-metric-learning-1083bdd37616},
	year = {2024},
	urldate = {2025-02-22}
}


@online{agile-manifesto,
	author = {Kent Beck and Mike Beedle and Arie van Bennekum and Alistair Cockburn and Ward Cunningham and Martin Fowler and James Grenning and Jim Highsmith and Andrew Hunt and Ron Jeffries and Jon Kern and Brian Marick and Robert C. Martin and Steve Mellor and Ken Schwaber and Jeff Sutherland and Dave Thomas},
	title = {Manifest Agilního vývoje software},
	url = {https://agilemanifesto.org/iso/cs/manifesto.html},
	year = {2001},
	urldate = {2025-02-22}
}

@online{homeassistant-web,
	author = {Nevin Baiju},
	title = {Home Assistant Home page},
	url = {https://www.home-assistant.io/},
    year = {2025},
    urldate = {2025-02-22}
}

@online{homeassistant-developers,
	title = {Home Assistant Developers documentation},
	url = {https://developers.home-assistant.io/docs/frontend/custom-ui/custom-card/},
	note = {Accessed: 2025-02-22},
}


@online{co-je-to-ha,
	author = {Chytré vypínače},
	title = {Home Assistant / Alternativní firmware Tasmota / ZigBee / Z-Wave},
	url = {https://www.chytrevypinace.cz/home-assistant-/-alternativni-firmware-tasmota-/-zigbee-/-z-wave?utm_source=chatgpt.com},
	year = {2025},
	urldate = {2025-02-22}
}

@online{cloudflare,
	title = {Cloudflare VPN},
	url = {https://www.cloudflare.com/en-gb/zero-trust/solutions/vpn-replacement/},
	note = {Accessed: 2025-02-22},
}

@online{forpsi,
	title = {Domeny Forpsi},
	url = {https://www.forpsi.com/},
	note = {Accessed: 2025-02-22},
}

@online{grafana,
	title = {Grafana},
	url = {https://grafana.com/},
	note = {Accessed: 2025-02-22},
}

@online{ultralytics_yolo,
	title = {Ultralytics Yolo},
	url = {https://docs.ultralytics.com/models/yolo11},
	note = {Accessed: 2025-02-22},
}
@online{segmentace,
	 title = {Instance Segmentation},
	 author = {Ultralytics Yolo},
	 year = {2025},
	 url = {https://www.ultralytics.com/glossary/instance-segmentation},
	 urldate = {2025-02-24}
}

@online{klasifikace,
	title = {Image Classification},
	author = {Ultralytics Yolo},
	year = {2025},
	url = {https://www.ultralytics.com/glossary/image-classification},
	urldate = {2025-02-24}
}


@online{arduino-ide,
	title = {Arduino IDE},
	url = {https://www.arduino.cc/en/software},
	note = {Accessed: 2025-02-22},
}

@online{aml,
	title = {Azure Machine Learning},
	url = {https://azure.microsoft.com/en-us/products/machine-learning},
	note = {Accessed: 2025-02-22},
}

@online{PostgreSQL15Documentation,
	title = {PostgreSQL 15.12 Documentation},
	author = {The PostgreSQL Global Development Group},
	year = {2025},
	url = {https://www.postgresql.org/docs/15/},
	urldate = {2025-02-24}
}

@online{scikit-learnKMeans,
	title = {2.3.2. K-means},
	author = {scikit-learn developers},
	year = {2025},
	url = {https://scikit-learn.org/stable/modules/generated/sklearn.cluster.KMeans.html},
	urldate = {2025-02-24}
}

@online{ResNet50Documentation,
	title = {resnet50},
	author = {PyTorch Contributors},
	year = {2017},
	url = {https://pytorch.org/vision/main/models/generated/torchvision.models.resnet50.html},
	urldate = {2025-02-24}
}

@online{Tenzor,
	title = {Tenzory a tenzorový počet},
	author = {Jan Šlégr},
	year = {2012},
	url = {https://lide.uhk.cz/prf/ucitel/slegrja1/tenzory.pdf},
	urldate = {2025-02-24}
}

@online{IntelNUC11Enthusiast,
	title = {Intel NUC 11 Enthusiast NUC11PHKi7C},
	author = {Alza.cz a.s.},
	year = {2025},
	url = {https://www.alza.cz/intel-nuc-11-enthusiast-nuc11phki7c-d6735655.htm},
	urldate = {2025-02-24}
}

@online{RaspberryPi5,
	title = {Raspberry Pi 5 – Raspberry Pi},
	author = {Raspberry Pi Foundation},
	year = {2025},
	url = {https://www.raspberrypi.com/products/raspberry-pi-5/},
	urldate = {2025-02-24}
}

@online{GitHubActionsDocker,
	title = {Docker Build GitHub Actions},
	author = {Docker, Inc.},
	year = {2025},
	url = {https://docs.docker.com/build/ci/github-actions/},
	urldate = {2025-02-24}
}

@online{GitHubExplanation,
	title = {GitHub, co to je a jak funguje},
	author = {TecnoDigital},
	year = {2023},
	url = {https://informatecdigital.com/cs/github-co-to-je-a-jak-to-funguje/},
	urldate = {2025-02-24}
}

@online{PostmanExplanation,
	title = {Co je Postman?},
	author = {Guru99},
	year = {2024},
	url = {https://www.guru99.com/cs/postman-tutorial.html},
	urldate = {2025-02-24}
}

@online{MQTTExplorer,
	title = {MQTT Explorer},
	author = {Thomas Nordquist},
	year = {2025},
	url = {https://mqtt-explorer.com/},
	urldate = {2025-02-24}
}

@online{testovacipyramida,
	title = {The Testing Pyramid},
	author = {Maria Homann},
	year = {2024},
	url = {https://www.leapwork.com/blog/testing-pyramid},
	urldate = {2025-02-24}
}

@online{COCOFormat,
	title = {COCO Dataset Format},
	author = {Microsoft},
	year = {2025},
	url = {https://cocodataset.org/#overview},
	urldate = {2025-02-24}
}

@online{tahlovymotor,
	title = {Táhlový motor HARL 3618+, délka výtahu 18"},
	author = {ATOS spol. s r.o.},
	year = {2025},
	url = {https://shop.atoselektro.cz/tahlovy-motor-harl-3618-delka-vytahu-18-_d494489.html?srsltid=AfmBOorzD3cSSfvw6jZfo1LYmbwfl9SUFHD6NF7Bf8IrBE2XfRWmCL4w},
	urldate = {2025-02-24}
}

@online{hikvisionkamera,
	title = {Hilook by Hikvision IPC-B180HA-LU},
	author = {Alza.cz a.s.},
	year = {2025},
	url = {https://www.alza.cz/hilook-by-hikvision-ipc-b180ha-lu-d12432819.htm},
	urldate = {2025-02-24}
}

@online{DratekNahravaniProgramu,
	title = {Tipy pro nahrávání programu do Arduina},
	author = {Robert Faltus, Aleš Svoboda},
	year = {2025},
	url = {https://navody.dratek.cz/technikuv-blog/nahravani-programu-do-arduina.html},
	urldate = {2025-02-24}
}

@online{ArduinoNano,
	title = {Nano},
	author = {Arduino},
	year = {2025},
	url = {https://docs.arduino.cc/hardware/nano/},
	urldate = {2025-02-24}
}

@online{USB20proud,
	title = {How Much Power does USB Port Output? (USB 1.0, 2.0, 3.0)},
	author = {Kanishk Godiyal},
	year = {2024},
	url = {https://www.etechnophiles.com/usb-port-power-output/},
	urldate = {2025-02-24}
}

@online{DHT11Datasheet,
	title = {DHT11 Humidity \& Temperature Sensor},
	author = {DFRobot},
	year = {2025},
	url = {https://www.digikey.com/htmldatasheets/production/1801487/0/0/1/386.html},
	urldate = {2025-02-24}
}

@online{tenzosenzorahx711,
	title = {Jak připojit zesilovač zatížení buněk k Arduino?},
	author = {Tina},
	year = {2024},
	url = {https://www.fibossensor.com/cs/how-to-connect-load-cell-amp-to-arduino.html},
	urldate = {2025-02-24}
}

@online{HAStateLimit255,
	title = {Rest sensor: State max length is 255 characters},
	author = {Home Assistant Community},
	year = {2025},
	url = {https://community.home-assistant.io/t/state-max-length-is-255-characters/31807},
	urldate = {2025-02-24}
}

@online{APScheduler,
	title = {APScheduler: User guide},
	author = {Alex Grönholm},
	year = {2025},
	url = {https://apscheduler.readthedocs.io/en/3.x/userguide.html},
	urldate = {2025-02-24}
}

@online{FlaskFramework,
	title = {Flask Documentation},
	author = {Pallets Projects},
	year = {2025},
	url = {https://flask.palletsprojects.com/},
	urldate = {2025-02-24}
}

@online{Grafana,
	title = {Grafana: The open and composable observability platform},
	author = {Grafana Labs},
	year = {2025},
	url = {https://grafana.com/},
	urldate = {2025-02-24}
}

@online{PySerial,
	title = {pySerial},
	author = {Chris Liechti},
	year = {2020},
	url = {https://pyserial.readthedocs.io/en/latest/pyserial.html},
	urldate = {2025-02-24}
}

@online{digestAccessAuth,
	title = {HTTP Digest Access Authentication},
	author = {IETF},
	year = {2015},
	url = {https://datatracker.ietf.org/doc/html/rfc7616},
	urldate = {2025-02-24}
}

@online{GoDaddy,
	title = {GoDaddy: Domény, webové stránky, hosting a nástroje pro online marketing},
	author = {GoDaddy},
	year = {2025},
	url = {https://www.godaddy.com/},
	urldate = {2025-02-24}
}

@online{Hostinger,
	title = {Hostinger: Vytvořte svou webovou stránku snadno a rychle},
	author = {Hostinger},
	year = {2025},
	url = {https://www.hostinger.com/},
	urldate = {2025-02-24}
}

@online{Forpsi,
	title = {FORPSI: Cenově výhodné domény, webhosting a servery},
	author = {FORPSI},
	year = {2025},
	url = {https://www.forpsi.com/},
	urldate = {2025-02-24}
}

@online{CloudflareTunnel,
	title = {Cloudflare Tunnel},
	author = {Cloudflare},
	year = {2025},
	url = {https://developers.cloudflare.com/cloudflare-one/connections/connect-networks/},
	urldate = {2025-02-24}
}

@online{Tailscale,
	title = {What is Tailscale?},
	author = {Tailscale Inc.},
	year = {2025},
	url = {https://tailscale.com/kb/1151/what-is-tailscale},
	urldate = {2025-02-24}
}

@online{neuronovesite,
	title = {Úvod do neuronových sítí},
	author = {etechblogcz},
	year = {2023},
	url = {https://etechblog.cz/uvod-do-neuronovych-siti-5-learning-resources/},
	urldate = {2025-02-24}
}

@online{MicrosoftAzure,
	title = {Microsoft Azure: Cloud Computing Services},
	author = {Microsoft},
	year = {2025},
	url = {https://azure.microsoft.com/cs-cz/},
	urldate = {2025-02-24}
}

@online{AWS,
	title = {Cloud computing with AWS},
	author = {Amazon Web Services},
	year = {2024},
	url = {https://aws.amazon.com/what-is-aws/},
	urldate = {2025-02-24}
}

@online{MQTT,
	title = {MQTT: The Standard for IoT Messaging},
	author = {MQTT.org},
	year = {2025},
	url = {https://mqtt.org/},
	urldate = {2025-02-24}
}

@online{HomeAssistantMQTT,
	title = {MQTT},
	author = {Home Assistant},
	year = {2025},
	url = {https://www.home-assistant.io/integrations/mqtt/},
	urldate = {2025-02-24}
}

@online{HomeAssistantEntities,
	title = {Entities and domains},
	author = {Home Assistant},
	year = {2025},
	url = {https://www.home-assistant.io/docs/configuration/entities_domains/},
	urldate = {2025-02-24}
}

@online{HomeAssistantCustomCards,
	title = {Custom card},
	author = {Home Assistant},
	year = {2025},
	url = {https://developers.home-assistant.io/docs/frontend/custom-ui/custom-card/},
	urldate = {2025-02-24}
}

@online{HomeAssistantAutomations,
	title = {Automatizace v Home Assistantovi},
	author = {Jiří Vyorálek},
	year = {2025},
	url = {https://jirkovynavody.cz/homeassistant/automations/intro/},
	urldate = {2025-02-24}
}

@online{HomeAssistantConditionalCard,
	title = {Conditional card},
	author = {Home Assistant},
	year = {2025},
	url = {https://www.home-assistant.io/dashboards/conditional/},
	urldate = {2025-02-24}
}

@online{HomeAssistantButtonCard,
	title = {Button card},
	author = {Home Assistant},
	year = {2025},
	url = {https://www.home-assistant.io/dashboards/button/},
	urldate = {2025-02-24}
}

@online{HomeAssistantPictureCard,
	title = {Picture card},
	author = {Home Assistant},
	year = {2025},
	url = {https://www.home-assistant.io/dashboards/picture/},
	urldate = {2025-02-24}
}

@online{HomeAssistant,
	title = {Home Assistant},
	author = {Home Assistant},
	year = {2025},
	url = {https://www.home-assistant.io/},
	urldate = {2025-02-24}
}

@online{DockerHub,
	title = {Docker Hub},
	author = {Docker},
	year = {2025},
	url = {https://hub.docker.com/},
	urldate = {2025-02-24}
}

@online{mikroservisy,
	title = {Jak nedělat mikroservisy},
	author = {Petr Jůza},
	year = {2020},
	url = {https://medium.com/openwise-tech-blog/jak-ned%C4%9Blat-mikroservisy-d93e004b8a2e},
	urldate = {2025-02-24}
}

@online{python,
	title = {Co je Python a k čemu se dá použít},
	author = {Zdeněk Sláma},
	year = {2024},
	url = {https://slamazdenek.cz/cz/python/co-je-python-a-k-cemu-se-da-pouzit?utm_source=chatgpt.com},
	urldate = {2025-02-24}
}

@online{wire,
	title = {Arduino: jak pro něj začít programovat},
	author = {Martin Malý},
	year = {2010},
	url = {https://www.root.cz/clanky/arduino-jak-pro-nej-zacit-programovat/},
	urldate = {2025-02-24}
}

@online{EclipseMosquitto,
	title = {Eclipse Mosquitto},
	author = {Eclipse Foundation},
	year = {2025},
	url = {https://mosquitto.org/},
	urldate = {2025-02-24}
}