@online{virtualizace-Martin-Polednik,
	author = {Martin Polednik, mpolednik@mail.muni.cz},
	title = {Virtualizace a kontejnerizace},
	url = {https://www.fi.muni.cz/kas/pv090/referaty/2014-podzim/virt.html},
	year = {2025},
	urldate = {2025-02-09}
}

@online{kontejnerizace-docker,
	author = {Docker Inc., -},
	title = {Docker Engine},
	url = {https://docs.docker.com/engine/},
	year = {2025},
	urldate = {2025-02-09}
}

@online{kontejnerizace-docker-compose,
	author = {Docker Inc., -},
	title = {Docker Compose},
	url = {https://docs.docker.com/compose/},
	year = {2025},
	urldate = {2025-02-09}
}